<?xml version="1.0" encoding="UTF-8"?>
<OAI-PMH xmlns="http://www.openarchives.org/OAI/2.0/" xmlns:xsi="http://www.w3.org/2001/XMLSchema-instance" xsi:schemaLocation="http://www.openarchives.org/OAI/2.0/ http://www.openarchives.org/OAI/2.0/OAI-PMH.xsd">
<ListRecords>
<record>
<header status="updated">
<identifier>urm_publish:71290034330002121</identifier>
</header>
<metadata>
<record xmlns="http://www.loc.gov/MARC21/slim" xmlns:xsi="http://www.w3.org/2001/XMLSchema-instance" xsi:schemaLocation="http://www.loc.gov/MARC21/slim http://www.loc.gov/standards/marcxml/schema/MARC21slim.xsd" ><leader>00889nam a2200253 a 4500</leader><controlfield tag="005">19990604113142.0</controlfield><controlfield tag="008">840101s1982    dcua         f00000 eng d</controlfield><controlfield tag="001">999652595402121</controlfield><datafield tag="035" ind1=" " ind2=" "><subfield code="a">(OCoLC)10265590</subfield></datafield><datafield tag="035" ind1=" " ind2=" "><subfield code="9">ANL1352UW</subfield></datafield><datafield tag="035" ind1=" " ind2=" "><subfield code="a">(WU)2060586-uwmadisondb</subfield></datafield><datafield tag="040" ind1=" " ind2=" "><subfield code="a">GPO</subfield><subfield code="b">eng</subfield><subfield code="c">GPO</subfield><subfield code="d">MGPO-R</subfield></datafield><datafield tag="043" ind1=" " ind2=" "><subfield code="a">n-us---</subfield></datafield><datafield tag="074" ind1=" " ind2=" "><subfield code="a">84</subfield></datafield><datafield tag="086" ind1="0" ind2=" "><subfield code="a">A 13.2:T 69</subfield></datafield><datafield tag="245" ind1="0" ind2="0"><subfield code="a">We are all travelers in time :</subfield><subfield code="b">how many passed this way before us?</subfield></datafield><datafield tag="264" ind1=" " ind2="1"><subfield code="a">[Washington, D.C.?] :</subfield><subfield code="b">Eastern Region, Forest Service, U.S. Dept. of Agriculture,</subfield><subfield code="c">1982.</subfield></datafield><datafield tag="300" ind1=" " ind2=" "><subfield code="a">1 sheet :</subfield><subfield code="b">illustrations (some color) ;</subfield><subfield code="c">62 x 46 cm folded to 16 x 23 cm</subfield></datafield><datafield tag="336" ind1=" " ind2=" "><subfield code="a">text</subfield><subfield code="b">txt</subfield><subfield code="2">rdacontent</subfield></datafield><datafield tag="337" ind1=" " ind2=" "><subfield code="a">unmediated</subfield><subfield code="b">n</subfield><subfield code="2">rdamedia</subfield></datafield><datafield tag="338" ind1=" " ind2=" "><subfield code="a">volume</subfield><subfield code="b">nc</subfield><subfield code="2">rdacarrier</subfield></datafield><datafield tag="650" ind1=" " ind2="0"><subfield code="a">Cultural property</subfield><subfield code="x">Protection</subfield><subfield code="z">United States.</subfield><subfield code="2">LCSH</subfield><subfield code="0">41-LIBRARY_OF_CONGRESS-sh2009120491</subfield><subfield code="9">Y</subfield></datafield><datafield tag="710" ind1="1" ind2=" "><subfield code="a">United States.</subfield><subfield code="b">Forest Service.</subfield><subfield code="b">Eastern Region.</subfield><subfield code="2">LCNAMES</subfield><subfield code="0">41-LIBRARY_OF_CONGRESS-n  79063455</subfield><subfield code="9">Y</subfield></datafield><datafield tag="997" ind1=" " ind2=" "><subfield code="a">MARCIVE</subfield></datafield><datafield tag="710" ind1="1" ind2=" "><subfield code="a">United States.</subfield><subfield code="b">Forest Service.</subfield><subfield code="b">Region 9</subfield><subfield code="2">LCNAMES</subfield><subfield code="0">41-LIBRARY_OF_CONGRESS-n  79063455</subfield><subfield code="9">N</subfield></datafield><datafield tag="INST" ind1=" " ind2=" "><subfield code="a">01UWI_NETWORK</subfield><subfield code="b">P</subfield><subfield code="c">71290034330002121</subfield></datafield><datafield tag="INST" ind1=" " ind2=" "><subfield code="a">01UWI_MAD</subfield><subfield code="b">P</subfield><subfield code="c">21561487770002122</subfield></datafield><datafield tag="AVA" ind1=" " ind2=" "><subfield code="0">9920605863602122</subfield><subfield code="8">22561487760002122</subfield><subfield code="a">01UWI_MAD</subfield><subfield code="b">STEENBOCK</subfield><subfield code="c">Documents</subfield><subfield code="d">A 13.2: T 69</subfield><subfield code="e">check_holdings</subfield><subfield code="j">doc</subfield><subfield code="k">3</subfield><subfield code="p">1</subfield><subfield code="q">Steenbock Library</subfield></datafield><datafield tag="MMS" ind1=" " ind2=" "><subfield code="b">999652595402121</subfield><subfield code="a">01UWI_NETWORK</subfield></datafield><datafield tag="MMS" ind1=" " ind2=" "><subfield code="b">9920605863602122</subfield><subfield code="a">01UWI_MAD</subfield></datafield></record>
</metadata>
</record>
</ListRecords>
</OAI-PMH>